<record><leader>00000cas a22000007a 4500</leader><controlfield tag="001">13291230</controlfield><controlfield tag="008">860313d18961901wvuwr ne      0    0eng d</controlfield><datafield ind1=" " ind2=" " tag="010"><subfield code="a">sn 86092351 </subfield></datafield><datafield ind1=" " ind2=" " tag="040"><subfield code="a">WVC</subfield><subfield code="b">eng</subfield><subfield code="c">WVC</subfield><subfield code="d">OCL</subfield><subfield code="d">OCLCQ</subfield></datafield><datafield ind1=" " ind2=" " tag="042"><subfield code="a">msc</subfield></datafield><datafield ind1="0" ind2="0" tag="245"><subfield code="a">Sistersville oil review.</subfield></datafield><datafield ind1="1" ind2="7" tag="246"><subfield code="a">Sistersville weekly oil review</subfield></datafield><datafield ind1=" " ind2=" " tag="260"><subfield code="a">Sistersville, W. Va. :</subfield><subfield code="b">J.H. McCoy</subfield></datafield><datafield ind1=" " ind2=" " tag="300"><subfield code="a">v.</subfield></datafield><datafield ind1=" " ind2=" " tag="310"><subfield code="a">Weekly</subfield></datafield><datafield ind1="1" ind2=" " tag="362"><subfield code="a">Began in 1896?</subfield></datafield><datafield ind1="1" ind2=" " tag="362"><subfield code="a">Ceased in 1901?</subfield><subfield code="z">Cf. W. Va. State Gazetteer.</subfield></datafield><datafield ind1=" " ind2=" " tag="500"><subfield code="a">"Formerly Tyler Democrat."</subfield></datafield><datafield ind1=" " ind2=" " tag="515"><subfield code="a">Continues the numbering of: Tyler democrat.</subfield></datafield><datafield ind1=" " ind2=" " tag="580"><subfield code="a">Issued also in a daily edition entitled: West Virginia daily oil review.</subfield></datafield><datafield ind1=" " ind2=" " tag="588"><subfield code="a">Description based on: Vol. 14, no. 2 (Jan. 12, 1898).</subfield></datafield><datafield ind1=" " ind2=" " tag="752"><subfield code="a">United States</subfield><subfield code="b">West Virginia</subfield><subfield code="c">Tyler</subfield><subfield code="d">Sistersville.</subfield></datafield><datafield ind1="1" ind2=" " tag="775"><subfield code="t">West Virginia daily oil review</subfield><subfield code="w">(DLC)sn 86092355</subfield></datafield><datafield ind1="0" ind2="0" tag="780"><subfield code="t">Tyler democrat</subfield><subfield code="w">(DLC)sn 86092350</subfield></datafield><datafield ind1="0" ind2="0" tag="785"><subfield code="t">Weekly oil review</subfield><subfield code="w">(DLC)sn 86092352</subfield></datafield><datafield ind1="1" ind2=" " tag="029"><subfield code="a">AU@</subfield><subfield code="b">000025800222</subfield></datafield></record>